<?xml version="1.0" encoding="UTF-8"?>
<record xmlns="http://www.loc.gov/MARC21/slim">
   <leader>02611cam a2200457 a 4500</leader>
   <controlfield tag="001">1073865</controlfield>
   <controlfield tag="003">NjP</controlfield>
   <controlfield tag="005">20171030093942.0</controlfield>
   <controlfield tag="008">960801m19879999ir            000 0 ara d</controlfield>
   <datafield tag="024" ind1="7" ind2=" ">
      <subfield code="a">princeton_aco003600</subfield>
      <subfield code="2">local</subfield>
   </datafield>
   <datafield ind1=" " ind2=" " tag="035">
      <subfield code="a">(OCoLC)35214831</subfield>
   </datafield>
   <datafield ind1=" " ind2=" " tag="035">
      <subfield code="a">(OCoLC)ocn176559821</subfield>
   </datafield>
   <datafield ind1=" " ind2=" " tag="035">
      <subfield code="a">(OCoLC)176559821</subfield>
   </datafield>
   <datafield ind1=" " ind2=" " tag="035">
      <subfield code="a">(CStRLIN)NJPG96-B42920</subfield>
   </datafield>
   <datafield ind1=" " ind2=" " tag="035">
      <subfield code="9">CCF3888TS</subfield>
   </datafield>
   <datafield ind1=" " ind2=" " tag="035">
      <subfield code="a">(NjP)1073865</subfield>
   </datafield>
   <datafield ind1=" " ind2=" " tag="040">
      <subfield code="a">NjP</subfield>
      <subfield code="c">PUL</subfield>
      <subfield code="d">PUL</subfield>
   </datafield>
   <datafield ind1=" " ind2=" " tag="049">
      <subfield code="a">PULL</subfield>
   </datafield>
   <datafield ind1=" " ind2=" " tag="079">
      <subfield code="a">ocm35214831</subfield>
   </datafield>
   <datafield ind1="1" ind2=" " tag="100">
      <subfield code="6">880-01</subfield>
      <subfield code="a">Najafī al-Tabrīzī, Rāḍī.</subfield>
   </datafield>
   <datafield ind1="1" ind2="0" tag="240">
      <subfield code="6">880-02</subfield>
      <subfield code="a">Muḥāwarāt al-uṣūlīyah al-ḍarūrīyah</subfield>
   </datafield>
   <datafield ind1="1" ind2="3" tag="245">
      <subfield code="6">880-03</subfield>
      <subfield code="a">al-Juzʼ al-thānī min al-Muḥāwarāt al-uṣūlīyah al-ḍarūrīyah, aw, Wāqiʻ al-uṣūl al-lafẓīyah /</subfield>
      <subfield code="c">taʼlīf al-Rāḍī najl Muḥammad Ḥusayn al-Najafī al-Tabrīzī. Wa-yalīhi mabḥath al-ʻAlam al-thānī min al-uṣūl.</subfield>
   </datafield>
   <datafield ind1="3" ind2="3" tag="246">
      <subfield code="6">880-04</subfield>
      <subfield code="a">Wāqiʻ al-uṣūl al-lafẓīyah</subfield>
   </datafield>
   <datafield ind1=" " ind2=" " tag="260">
      <subfield code="6">880-05</subfield>
      <subfield code="a">[Qom] :</subfield>
      <subfield code="b">R. al-Najafī al-Tabrīzī,</subfield>
      <subfield code="c">1366- [1987]-</subfield>
   </datafield>
   <datafield ind1=" " ind2=" " tag="300">
      <subfield code="a">v. ;</subfield>
      <subfield code="c">24 cm.</subfield>
   </datafield>
   <datafield ind1=" " ind2="0" tag="650">
      <subfield code="a">Islamic law</subfield>
      <subfield code="x">Interpretation and construction.</subfield>
      <subfield code="0">http://id.loc.gov/authorities/subjects/sh85068455</subfield>
   </datafield>
   <datafield ind1=" " ind2="0" tag="650">
      <subfield code="a">Islam</subfield>
      <subfield code="x">Doctrines.</subfield>
      <subfield code="0">http://id.loc.gov/authorities/subjects/sh85068396</subfield>
   </datafield>
   <datafield ind1="1" ind2="2" tag="700">
      <subfield code="6">880-06</subfield>
      <subfield code="a">Najafī al-Tabrīzī, Rāḍī.</subfield>
      <subfield code="t">ʻAlam al-thānī min al-Muḥāwarāt al-uṣūlīyah fī jāmiʻ al-ḥujjah.</subfield>
   </datafield>
   <datafield ind1="0" ind2="2" tag="740">
      <subfield code="6">880-07</subfield>
      <subfield code="a">ʻAlam al-thānī min al-uṣūl.</subfield>
   </datafield>
   <datafield ind1="0" ind2="2" tag="740">
      <subfield code="6">880-08</subfield>
      <subfield code="a">ʻAlam al-thānī min al-Muḥāwarāt al-uṣūlīyah fī jāmiʻ al-ḥujjah.</subfield>
   </datafield>
   <datafield ind1="1" ind2=" " tag="880">
      <subfield code="6">100-01/r</subfield>
      <subfield code="a">نجفي التبريزي، راضي.</subfield>
   </datafield>
   <datafield ind1="1" ind2="0" tag="880">
      <subfield code="6">240-02/r</subfield>
      <subfield code="a">محاورات الاصولية الضرورية</subfield>
   </datafield>
   <datafield ind1="1" ind2="2" tag="880">
      <subfield code="6">245-03/r</subfield>
      <subfield code="a">الجزء الثاني من المحاورات الاصولية الضرورية، او، واقع الاصول اللفظية /</subfield>
      <subfield code="c">تأليف الراضي نجل محمد حسين النجفي التبريزي. ويليه مبحث العلم الثاني من الاصول.</subfield>
   </datafield>
   <datafield ind1="3" ind2="3" tag="880">
      <subfield code="6">246-04/r</subfield>
      <subfield code="a">واقع الاصول اللفظية</subfield>
   </datafield>
   <datafield ind1=" " ind2=" " tag="880">
      <subfield code="6">260-05/r</subfield>
      <subfield code="a">[قم] :</subfield>
      <subfield code="b">ر. النجفي التبريزي،</subfield>
      <subfield code="c">1366 [1987]</subfield>
   </datafield>
   <datafield ind1="1" ind2="2" tag="880">
      <subfield code="6">700-06/r</subfield>
      <subfield code="a">نجفي التبريزي، راضي.</subfield>
      <subfield code="t">علم الثاني من المحاورات الاصولية في جامع الحجة.</subfield>
   </datafield>
   <datafield ind1="0" ind2="2" tag="880">
      <subfield code="6">740-07/r</subfield>
      <subfield code="a">علم الثاني من الاصول.</subfield>
   </datafield>
   <datafield ind1="0" ind2="2" tag="880">
      <subfield code="6">740-08/r</subfield>
      <subfield code="a">علم الثاني من المحاورات الاصولية في جامع الحجة.</subfield>
   </datafield>
   <datafield ind1=" " ind2=" " tag="998">
      <subfield code="a">08/01/96</subfield>
      <subfield code="s">9114</subfield>
      <subfield code="n">NjP</subfield>
      <subfield code="d">08/01/96</subfield>
      <subfield code="c">KC</subfield>
      <subfield code="b">KC</subfield>
      <subfield code="i">960801</subfield>
      <subfield code="l">NJPG</subfield>
   </datafield>
   <datafield ind1=" " ind2=" " tag="911">
      <subfield code="a">19960808</subfield>
   </datafield>
   <datafield ind1=" " ind2=" " tag="912">
      <subfield code="a">19960801000000.0</subfield>
   </datafield>
   <datafield ind1=" " ind2=" " tag="994">
      <subfield code="a">C0</subfield>
      <subfield code="b">PUL</subfield>
   </datafield>
   <datafield ind1=" " ind2=" " tag="999">
      <subfield code="a">1073865</subfield>
   </datafield>
   <datafield ind1="8" ind2="1" tag="852">
      <subfield code="0">1236043</subfield>
      <subfield code="b">rcppa</subfield>
      <subfield code="t">1</subfield>
      <subfield code="h">KBL</subfield>
      <subfield code="i">.N3436 1987</subfield>
      <subfield code="x">tr fr arab</subfield>
   </datafield>
   <datafield ind1=" " ind2="0" tag="866">
      <subfield code="0">1236043</subfield>
      <subfield code="8">0</subfield>
      <subfield code="a">al-Juzʾ 2 (published in 1366 [1987])</subfield>
   </datafield>
   <datafield ind1=" " ind2="0" tag="866">
      <subfield code="0">1236043</subfield>
      <subfield code="8">0</subfield>
      <subfield code="x">DESIGNATOR: al-Juzʾ</subfield>
   </datafield>
   <datafield ind1=" " ind2=" " tag="959">
      <subfield code="a">2000-06-13 00:00:00 -0400</subfield>
   </datafield>
</record>
